@article{GrofmanCervas2020_ZIPcodes,
author = {Grofman, Bernard and Cervas, Jonathan},
journal = {Under Review},
keywords = {Zip codes,redistricting,traditional districting principles},
title = {{ZIP Codes as Geographic Bases of Representation}},
url = {http://polisci.uci.edu/{~}jcervas/projects/zips/ZIP{\_}1.2020.06.30.pdf},
year = {2020}
}
